<?xml version="1.0" encoding="UTF-8"?><collection xmlns="http://www.loc.gov/MARC21/slim"><record><leader>00634nam--2200181-i-4500</leader><controlfield tag="001">000009560</controlfield><controlfield tag="002">20161230</controlfield><controlfield tag="005">20170208142846</controlfield><controlfield tag="008">060222s1000------------r-----000-0-fre-d</controlfield><datafield ind1=" " ind2=" " tag="040"><subfield code="a">IFIN-HH</subfield></datafield><datafield ind1=" " ind2=" " tag="041"><subfield code="a">fre</subfield></datafield><datafield ind1=" " ind2=" " tag="080"><subfield code="a">539.163.2</subfield></datafield><datafield ind1="1" ind2=" " tag="100"><subfield code="a">Bertini, Raimondo</subfield></datafield><datafield ind1="1" ind2="0" tag="245"><subfield code="a">Contribution a l'etude des niveaux excites des noyaux 13c, 19ne, 25na, 53cr et 56 fe par des mesures spectroscopiques et de distributions e t correlations angulaires</subfield><subfield code="b">These</subfield><subfield code="c">Raimondo Bertini</subfield></datafield><datafield ind1=" " ind2=" " tag="260"><subfield code="a">Strasbourg</subfield><subfield code="b">Faculte Des Sciences De L'Universite De Strasbourg</subfield><subfield code="c">1969</subfield></datafield><datafield ind1=" " ind2=" " tag="300"><subfield code="a">92 p</subfield></datafield><datafield ind1=" " ind2=" " tag="852"><subfield code="a">34383</subfield><subfield code="c">539.14</subfield></datafield><datafield ind1=" " ind2=" " tag="CAT"><subfield code="a">SYS</subfield><subfield code="c">20170208</subfield><subfield code="h">142846</subfield></datafield></record></collection>